<?xml version="1.0" encoding="UTF-8"?><record xmlns="http://www.loc.gov/MARC21/slim" xmlns:cinclude="http://apache.org/cocoon/include/1.0" xmlns:zs="http://www.loc.gov/zing/srw/">
  <leader>00449cz  a2200145n  4500</leader>
  <controlfield tag="001">no2007146908</controlfield>
  <controlfield tag="003">DLC</controlfield>
  <controlfield tag="005">20110416075026.0</controlfield>
  <controlfield tag="008">071130n| acannaabn          |n aaa     c</controlfield>
  <datafield tag="010" ind1=" " ind2=" ">
    <subfield code="a">no2007146908</subfield>
  </datafield>
  <datafield tag="035" ind1=" " ind2=" ">
    <subfield code="a">(OCoLC)oca07595587</subfield>
  </datafield>
  <datafield tag="040" ind1=" " ind2=" ">
    <subfield code="a">OC</subfield>
    <subfield code="b">eng</subfield>
    <subfield code="c">OC</subfield>
    <subfield code="d">DLC</subfield>
  </datafield>
  <datafield tag="100" ind1="1" ind2=" ">
    <subfield code="a">Ratzlaff, Aaron J.</subfield>
  </datafield>
  <datafield tag="670" ind1=" " ind2=" ">
    <subfield code="a">Fred and Mary, c2008:</subfield>
    <subfield code="b">t.p. (Aaron J. Ratzlaff; illustrator)</subfield>
  </datafield>
  <datafield tag="670" ind1=" " ind2=" ">
    <subfield code="a">Quills, 2011:</subfield>
    <subfield code="b">ecip t.p. (Aaron J. Ratzlaff) data view (born Jan. 1, 1979)</subfield>
  </datafield>
</record>